@article{heitman1991targets,
  title={Targets for cell cycle arrest by the immunosuppressant rapamycin in yeast},
  author={Heitman, Joseph and Movva, N Rao and Hall, Michael N},
  journal={Science},
  volume={253},
  number={5022},
  pages={905},
  year={1991},
  publisher={The American Association for the Advancement of Science}
}
@article{beck1999starvation,
  title={Starvation induces vacuolar targeting and degradation of the tryptophan permease in yeast},
  author={Beck, Thomas and Schmidt, Anja and Hall, Michael N},
  journal={The Journal of cell biology},
  volume={146},
  number={6},
  pages={1227--1238},
  year={1999},
  publisher={Rockefeller Univ Press}
}
@article{albig2001target,
  title={The target of rapamycin signaling pathway regulates mRNA turnover in the yeast Saccharomyces cerevisiae},
  author={Albig, Allan R and Decker, Carolyn J},
  journal={Molecular biology of the cell},
  volume={12},
  number={11},
  pages={3428--3438},
  year={2001},
  publisher={Am Soc Cell Biol}
}
@article{leone2006frb,
  title={The FRB Domain of mTOR: NMR Solution Structure and Inhibitor Designâ€ },
  author={Leone, Marilisa and Crowell, Kevin J and Chen, Jinhua and Jung, Dawoon and Chiang, Gary G and Sareth, Sina and Abraham, Robert T and Pellecchia, Maurizio},
  journal={Biochemistry},
  volume={45},
  number={34},
  pages={10294--10302},
  year={2006},
  publisher={ACS Publications}
}